<?xml version="1.0" encoding="UTF-8"?><collection xmlns="http://www.loc.gov/MARC21/slim"><record><leader>00411nam--2200133-i-4500</leader><controlfield tag="001">000001021</controlfield><controlfield tag="002">20161230</controlfield><controlfield tag="005">20161230201024</controlfield><controlfield tag="008">060222s1000------------r-----000-0-eng-d</controlfield><datafield ind1=" " ind2=" " tag="080"><subfield code="a">621.039.524.44:621.039.531(043)</subfield></datafield><datafield ind1=" " ind2=" " tag="100"><subfield code="a">Gomit, Jean-michael</subfield></datafield><datafield ind1=" " ind2=" " tag="245"><subfield code="a">Etude de la contamination des circuits primaire der reacteurs pressurises.these</subfield></datafield><datafield ind1=" " ind2=" " tag="260"><subfield code="a">Paris, Universite De Paris-sud, 1978. 180 P</subfield></datafield><datafield ind1=" " ind2=" " tag="852"><subfield code="a">49770</subfield></datafield></record></collection>